@book{
	book:name-to-be-referenced-in-your-thesis,
	author = {<NAME OF AUTHOR>},
	title = {<TITLE OF BOOK>},
	year = {<YEAR OF RELEASE>}
}